@book{sb1994,
  title={Mathematics for economists},
  author={Simon, Carl P and Blume, Lawrence},
  year={1994},
  publisher={Norton New York}
}

@article{cw2005,
  title={Fundamental methods of mathematical economics},
  author={Chiang, AC and Wainwright, K},
  journal={McGraw-Hill, New York},
  year={2005}
}

@book{carter2001,
  title={Foundations of mathematical economics},
  author={Carter, Michael},
  year={2001},
  publisher={MIT Press}
}

@book{dixit1990,
  title={Optimization in economic theory},
  author={Dixit, Avinash K},
  year={1990},
  publisher={Oxford University Press Oxford}
}

@article{engel1857,
  title={Die Productions- und Consumptionsverhaeltnisse des
                  Koenigsreichs Sachsen},
  author={Engel, Ernst},
  journal={Zeitschrift des Statistischen Bureaus des Koniglich
                  Sachsischen Ministeriums des Inneren},
  number={8-9},
  year={1857}
}

@INCOLLECTION{lewbel2008,
  TITLE  =  "Engel curve",
  BOOKTITLE  =  "The New Palgrave Dictionary of Economics",
  AUTHOR  =  "Lewbel, Arthur",
  EDITOR  =  "Durlauf, Steven N. and Blume, Lawrence E.",
  YEAR  =  "2008",
  PUBLISHER  =  "Palgrave Macmillan",
  url={http://www.dictionaryofeconomics.com/article?id=pde2008_E000085},
  ADDRESS  =  "Basingstoke",
}

